@inproceedings{Ayday2021,
	author = {Erman Ayday and Youngjin Yoo and Anisa Halimi},
	booktitle = {Proceedings of the 12th ACM Conference on Bioinformatics, Computational Biology, and Health Informatics},
	title = {{ShareTrace}: An Iterative Message Passing Algorithm for Efficient and Effective Disease Risk Assessment on an Interaction Graph},
	year = {2021},
}

@book{Agha1986,
	author = {Gul Abdulnabi Agha},
	publisher = {MIT Press},
	title = {Actors: A Model of Concurrent Computation in Distributed Systems},
	year = {1986},
}

@article{Dall2002,
	author = {Jesper Dall and Michael Christensen},
	issue = {1},
	journal = {Physical Review E},
	title = {Random geometric graphs},
	volume = {66},
	year = {2002}
}

@article{Holme2002,
	author = {Petter Holme and Beom Jun Kim},
	issue = {2},
	journal = {Physical Review E},
	title = {Growing scale-free networks with tunable clustering},
	volume = {65},
	year = {2002}
}

@article{Lancichinetti2008,
	author = {Andrea Lancichinetti and Santo Fortunato and Filippo Radicchi},
	issue = {4},
	journal = {Physical Review E},
	title = {Benchmark graphs for testing community detection algorithms},
	volume = {78},
	year = {2008}
}

@article{Genois2018,
	author = {Mathieu G{'e}nois and Alain Barrat},
	issue = {1},
	journal = {EPJ Data Science},
	title = {Can co-location be used as a proxy for face-to-face contacts?},
	volume = {7},
	year = {2018},
}

@article{Karypis1998,
	author = {George Karypis and Vipin Kumar},
	issue = {1},
	journal = {SIAM Journal on Scientific Computing},
	pages = {359--392},
	title = {A Fast and High Quality Multilevel Scheme for Partitioning Irregular Graphs},
	volume = {20},
	year = {1998},
}